@inproceedings{LiuEtal11,
 author = {Liu, Haishan and Le Pendu, Paea and Jin, Ruoming and Dou, Dejing},
 title = {A Hypergraph-based Method for Discovering Semantically Associated Itemsets},
 booktitle = {Proceedings of the 2011 IEEE 11th International Conference on Data Mining},
 series = {ICDM '11},
 year = {2011},
 isbn = {978-0-7695-4408-3},
 pages = {398--406},
 numpages = {9},
 acmid = {2118282},
 publisher = {IEEE Computer Society},
 address = {Washington, DC, USA},
 keywords = {Semantically associated itemset, hypergraph, random walk},
}

@inproceedings{LiuDou11,
  author    = {Haishan Liu and Dejing Dou},
  title     = {{Breaking the Deadlock: Simultaneously Discovering Attribute Matching and Cluster Matching with Multi-Objective Simulated Annealing}},
  booktitle = {Proceedings of the International Conference on Ontologies, Databases and Application of Semantics (ODBASE)},
  pages     = {698--715},
  year      = {2011},
}


@inproceedings{DouEtal11,
  author    = {Dejing Dou and Han Qin and Haishan Liu},
  title     = {{Semantic Translation for Rule-based Knowledge in Data Mining}},
  booktitle   = {Proceedings of the 22nd International Conference on Database and
Expert Systems Applications (DEXA), part II},
  pages     = {74--89},
  year      = {2011},
}

@inproceedings{liu2010,
  author = {Liu, Haishan},
  booktitle = {Proceedings of the 9th International Semantic Web Conference (ISWC2010)},
  title = {{Towards Semantic Data Mining}},
  year = {2010},
  month = {November},
  }
 %url = {http://data.semanticweb.org/conference/iswc/2010/paper/448},


@inproceedings{LiuEtal10,
  author    = {Haishan Liu and Gwen Frishkoff and Robert Frank and Dejing Dou},
  title     = {{Ontology-based Mining of Brainwaves: A Sequence Similarity Technique for
  Mapping Alternative Descriptions of Patterns in Event Related Potentials (ERP) Data}},
  booktitle = {Proceedings of the 14th Pacific-Asia Conference on Knowledge Discovery and Data Mining (PAKDD)},
  pages     = {43--54},
  year      = {2010},
}

@inproceedings{FrishkoffEtal09,
  author = {Gwen Frishkoff and Paea LePendu and Robert Frank and Haishan Liu and Dejing Dou},
  title = {{Development of Neural Electromagnetic Ontologies (NEMO): Ontology-based Tools for Representation
  and Integration of Event-related Brain Potentials}},
  booktitle = {Proceedings of the International Conference on Biomedical Ontology (ICBO)},
  pages     = {31--34},
  year = {2009},
}


@inproceedings{LiuDou08,
  author    = {Haishan Liu and Dejing Dou},
  title     = {{An Exploration of Understanding Heterogeneity through Data Mining}},
  booktitle = {Proceedings of KDD'08 Workshop on Mining Multiple Information Sources},
  pages     = {18--25},
  year      = {2008},
  }

@inproceedings{KimEtal07,
 author = {Jongwan Kim and Dejing Dou and Haishan Liu and Donghwi Kwak},
 title = {Constructing A User Preference Ontology for
Anti-spam Mail Systems.},
 booktitle = {Proceedings of the 20th
Canadian Conference on Artificial Intelligence (Canadian AI)},
 pages = {272--283},
 year = {2007},
 }
